
@book{stallings11,
title={Cryptography and Network Security: Principles and Practice},
author={Stallings, W.},
isbn={9780136097044},
lccn={2011286361},
year={2011},
publisher={Prentice Hall}
}

@book{schneier96,
title={Applied cryptography\: protocols, algorithms, and source code in C},
author={Schneier, B.},
isbn={9780471128458},
lccn={95012398},
year={1996},
publisher={Wiley}
}

@article{pkcs1,
author = {Laboratories RSA},
title = {PKCS \#1 RSA Cryptography Standard},
year = {2012},
address = {Cambridge, MA}
}

@article{pkcs8,
author={Laboratories RSA},
title={PKCS \#8 Private Key Information Syntax Standard},
year={1993},
address={Redwood City, CA}
}

@article{pkcs10,
author={Laboratories RSA},
title={PKCS \#10 Certification Request Syntax Standard},
year={2000},
address={Bedford, MA}
}

@misc{itiICPBRASIL,
title={{www.iti.gov.br/icp-brasil/estrutura}},
author={ITI},
year={2015},
publisher={Instituto Nacional de Tecnologia da Informação}
}

@misc{mkyong_url,
title={{http://www.mkyong.com/java/jsoup-send-search-query-to-google/}},
author={M K Yong},
year={2015},
publisher={mkyong}
}

@misc{DEA,
title={{https://en.wikipedia.org/wiki/FILE:DES-main-network.png}},
author={Matt Crypto},
year={2005},
publisher={Matt Crypto}
}

@misc{opSSL,
title={{https://www.openssl.org/docs/apps/verify.html}},
author={OpenSSL},
year={2015},
publisher={OpenSSL Org}
}